<?xml version="1.0" encoding="UTF-8"?><collection xmlns="http://www.loc.gov/MARC21/slim"><record><leader>00467nam--2200133-i-4500</leader><controlfield tag="001">000038210</controlfield><controlfield tag="002">20161230</controlfield><controlfield tag="005">20161230201041</controlfield><controlfield tag="008">060222s1000------------r-----000-0-eng-d</controlfield><datafield ind1=" " ind2=" " tag="080"><subfield code="a">621.039.52(061.3)</subfield></datafield><datafield ind1=" " ind2=" " tag="245"><subfield code="a">Reattori nucleari di tipo avanzato. atti delle giornate dell`energia nucleare organizzate della federaziione delle asseciazioni scientifiche..</subfield></datafield><datafield ind1=" " ind2=" " tag="260"><subfield code="a">Milano, Comitato Nazionale Energia Nucleare, 1972. 603 P</subfield></datafield><datafield ind1=" " ind2=" " tag="490"><subfield code="a">Seria Simposi</subfield></datafield><datafield ind1=" " ind2=" " tag="852"><subfield code="a">44330</subfield></datafield></record></collection>